@article{nanopolish,
	author = {{Simpson Lab}},
	title = {Nanopolish Documentation},
	year = {2019},
	url = {https://nanopolish.readthedocs.io/en/latest}
}

@article{simpson,
	author = {Jared Simpson},
	title = {Aligning Nanopore Events to a Reference},
	year = {2015},
	url = {http://simpsonlab.github.io/2015/04/08/eventalign}
}

@article{protobuf,
	author = {Wikipedia},
	title = {Protocol buffers},
	year = {2019},
	url = {https://en.wikipedia.org/wiki/Protocol_Buffers}
}
